@article{object,
  author       = {Relja Arandjelovic and
                  Andrew Zisserman},
  title        = {Objects that Sound},
  journal      = {CoRR},
  volume       = {abs/1712.06651},
  year         = {2017},
  url          = {http://arxiv.org/abs/1712.06651},
  eprinttype    = {arXiv},
  eprint       = {1712.06651},
  timestamp    = {Mon, 13 Aug 2018 16:46:22 +0200},
  biburl       = {https://dblp.org/rec/journals/corr/abs-1712-06651.bib},
  bibsource    = {dblp computer science bibliography, https://dblp.org}
}
@inproceedings{ucb,
  title={Audio-visual scene analysis with self-supervised multisensory features},
  author={Owens, Andrew and Efros, Alexei A},
  booktitle={Proceedings of the European conference on computer vision (ECCV)},
  pages={631--648},
  year={2018}
}
@inproceedings{6,
  title={Learning to localize sound source in visual scenes},
  author={Senocak, Arda and Oh, Tae-Hyun and Kim, Junsik and Yang, Ming-Hsuan and Kweon, In So},
  booktitle={Proceedings of the IEEE Conference on Computer Vision and Pattern Recognition},
  pages={4358--4366},
  year={2018}
}
@inproceedings{9,
  title={Deep multimodal clustering for unsupervised audiovisual learning},
  author={Hu, Di and Nie, Feiping and Li, Xuelong},
  booktitle={Proceedings of the IEEE/CVF Conference on Computer Vision and Pattern Recognition},
  pages={9248--9257},
  year={2019}
}
@article{23,
  title={A closer look at weakly-supervised audio-visual source localization},
  author={Mo, Shentong and Morgado, Pedro},
  journal={Advances in Neural Information Processing Systems},
  volume={35},
  pages={37524--37536},
  year={2022}
}
@inproceedings{24,
  title={Learning sound localization better from semantically similar samples},
  author={Senocak, Arda and Ryu, Hyeonggon and Kim, Junsik and Kweon, In So},
  booktitle={ICASSP 2022-2022 IEEE International Conference on Acoustics, Speech and Signal Processing (ICASSP)},
  pages={4863--4867},
  year={2022},
  organization={IEEE}
}
@inproceedings{n2,
  title={Induction Network: Audio-Visual Modality Gap-Bridging for Self-Supervised Sound Source Localization},
  author={Liu, Tianyu and Zhang, Peng and Huang, Wei and Zha, Yufei and You, Tao and Zhang, Yanning},
  booktitle={Proceedings of the 31st ACM International Conference on Multimedia},
  pages={4042--4052},
  year={2023}
}
@inproceedings{n3,
  title={Audio-Visual Spatial Integration and Recursive Attention for Robust Sound Source Localization},
  author={Um, Sung Jin and Kim, Dongjin and Kim, Jung Uk},
  booktitle={Proceedings of the 31st ACM International Conference on Multimedia},
  pages={3507--3516},
  year={2023}
}
@inproceedings{10,
  title={Localizing visual sounds the hard way},
  author={Chen, Honglie and Xie, Weidi and Afouras, Triantafyllos and Nagrani, Arsha and Vedaldi, Andrea and Zisserman, Andrew},
  booktitle={Proceedings of the IEEE/CVF Conference on Computer Vision and Pattern Recognition},
  pages={16867--16876},
  year={2021}
}
@inproceedings{16,
  title={Exploiting transformation invariance and equivariance for self-supervised sound localisation},
  author={Liu, Jinxiang and Ju, Chen and Xie, Weidi and Zhang, Ya},
  booktitle={Proceedings of the 30th ACM International Conference on Multimedia},
  pages={3742--3753},
  year={2022}
}
@inproceedings{18,
  title={Self-supervised predictive learning: A negative-free method for sound source localization in visual scenes},
  author={Song, Zengjie and Wang, Yuxi and Fan, Junsong and Tan, Tieniu and Zhang, Zhaoxiang},
  booktitle={Proceedings of the IEEE/CVF Conference on Computer Vision and Pattern Recognition},
  pages={3222--3231},
  year={2022}
}
@inproceedings{21,
  title={Marginnce: Robust sound localization with a negative margin},
  author={Park, Sooyoung and Senocak, Arda and Chung, Joon Son},
  booktitle={ICASSP 2023-2023 IEEE International Conference on Acoustics, Speech and Signal Processing (ICASSP)},
  pages={1--5},
  year={2023},
  organization={IEEE}
}

@inproceedings{30,
  title={Learning Audio-Visual Source Localization via False Negative Aware Contrastive Learning},
  author={Sun, Weixuan and Zhang, Jiayi and Wang, Jianyuan and Liu, Zheyuan and Zhong, Yiran and Feng, Tianpeng and Guo, Yandong and Zhang, Yanhao and Barnes, Nick},
  booktitle={Proceedings of the IEEE/CVF Conference on Computer Vision and Pattern Recognition},
  pages={6420--6429},
  year={2023}
}
@inproceedings{22,
  title={Localizing visual sounds the easy way},
  author={Mo, Shentong and Morgado, Pedro},
  booktitle={European Conference on Computer Vision},
  pages={218--234},
  year={2022},
  organization={Springer}
}
@inproceedings{4,
  title={The sound of pixels},
  author={Zhao, Hang and Gan, Chuang and Rouditchenko, Andrew and Vondrick, Carl and McDermott, Josh and Torralba, Antonio},
  booktitle={Proceedings of the European conference on computer vision (ECCV)},
  pages={570--586},
  year={2018}
}
@inproceedings{7,
  title={Self-supervised audio-visual co-segmentation},
  author={Rouditchenko, Andrew and Zhao, Hang and Gan, Chuang and McDermott, Josh and Torralba, Antonio},
  booktitle={ICASSP 2019-2019 IEEE International Conference on Acoustics, Speech and Signal Processing (ICASSP)},
  pages={2357--2361},
  year={2019},
  organization={IEEE}
}
@inproceedings{11,
  title={Multiple sound sources localization from coarse to fine},
  author={Qian, Rui and Hu, Di and Dinkel, Heinrich and Wu, Mengyue and Xu, Ning and Lin, Weiyao},
  booktitle={Computer Vision--ECCV 2020: 16th European Conference, Glasgow, UK, August 23--28, 2020, Proceedings, Part XX 16},
  pages={292--308},
  year={2020},
  organization={Springer}
}
@article{12,
  title={Class-aware sounding objects localization via audiovisual correspondence},
  author={Hu, Di and Wei, Yake and Qian, Rui and Lin, Weiyao and Song, Ruihua and Wen, Ji-Rong},
  journal={IEEE Transactions on Pattern Analysis and Machine Intelligence},
  volume={44},
  number={12},
  pages={9844--9859},
  year={2021},
  publisher={IEEE}
}
@inproceedings{25,
  title={Visual sound localization in the wild by cross-modal interference erasing},
  author={Liu, Xian and Qian, Rui and Zhou, Hang and Hu, Di and Lin, Weiyao and Liu, Ziwei and Zhou, Bolei and Zhou, Xiaowei},
  booktitle={Proceedings of the AAAI Conference on Artificial Intelligence},
  volume={36},
  number={2},
  pages={1801--1809},
  year={2022}
}
@inproceedings{31,
  title={Audio-visual grouping network for sound localization from mixtures},
  author={Mo, Shentong and Tian, Yapeng},
  booktitle={Proceedings of the IEEE/CVF Conference on Computer Vision and Pattern Recognition},
  pages={10565--10574},
  year={2023}
}
@misc{33,
      title={FlowGrad: Using Motion for Visual Sound Source Localization}, 
      author={Rajsuryan Singh and Pablo Zinemanas and Xavier Serra and Juan Pablo Bello and Magdalena Fuentes},
      year={2023},
      eprint={2211.08367},
      archivePrefix={arXiv},
      primaryClass={cs.SD}
}
@inproceedings{28,
  title={Hear The Flow: Optical Flow-Based Self-Supervised Visual Sound Source Localization},
  author={Fedorishin, Dennis and Mohan, Deen Dayal and Jawade, Bhavin and Setlur, Srirangaraj and Govindaraju, Venu},
  booktitle={Proceedings of the IEEE/CVF Winter Conference on Applications of Computer Vision},
  pages={2278--2287},
  year={2023}
}
@inproceedings{8,
  title={The sound of motions},
  author={Zhao, Hang and Gan, Chuang and Ma, Wei-Chiu and Torralba, Antonio},
  booktitle={Proceedings of the IEEE/CVF International Conference on Computer Vision},
  pages={1735--1744},
  year={2019}
}
@inproceedings{17,
  title={Audio--visual segmentation},
  author={Zhou, Jinxing and Wang, Jianyuan and Zhang, Jiayi and Sun, Weixuan and Zhang, Jing and Birchfield, Stan and Guo, Dan and Kong, Lingpeng and Wang, Meng and Zhong, Yiran},
  booktitle={European Conference on Computer Vision},
  pages={386--403},
  year={2022},
  organization={Springer}
}
@misc{s10,
      title={CATR: Combinatorial-Dependence Audio-Queried Transformer for Audio-Visual Video Segmentation}, 
      author={Kexin Li and Zongxin Yang and Lei Chen and Yi Yang and Jun Xiao},
      year={2023},
      eprint={2309.09709},
      archivePrefix={arXiv},
      primaryClass={cs.CV}
}
@article{s1,
  title={AV-SAM: Segment anything model meets audio-visual localization and segmentation},
  author={Mo, Shentong and Tian, Yapeng},
  journal={arXiv preprint arXiv:2305.01836},
  year={2023}
}
@article{s2,
  title={Hear to Segment: Unmixing the Audio to Guide the Semantic Segmentation},
  author={Ling, Yuhang and Li, Yuxi and Gan, Zhenye and Zhang, Jiangning and Chi, Mingmin and Wang, Yabiao},
  journal={arXiv preprint arXiv:2305.07223},
  year={2023}
}
@article{s3,
  title={Avsegformer: Audio-visual segmentation with transformer},
  author={Gao, Shengyi and Chen, Zhe and Chen, Guo and Wang, Wenhai and Lu, Tong},
  journal={arXiv preprint arXiv:2307.01146},
  year={2023}
}
@article{s4,
  title={Audio-aware Query-enhanced Transformer for Audio-Visual Segmentation},
  author={Liu, Jinxiang and Ju, Chen and Ma, Chaofan and Wang, Yanfeng and Wang, Yu and Zhang, Ya},
  journal={arXiv preprint arXiv:2307.13236},
  year={2023}
}
@article{s5,
  title={BAVS: Bootstrapping Audio-Visual Segmentation by Integrating Foundation Knowledge},
  author={Liu, Chen and Li, Peike and Zhang, Hu and Li, Lincheng and Huang, Zi and Wang, Dadong and Yu, Xin},
  journal={arXiv preprint arXiv:2308.10175},
  year={2023}
}
@article{s6,
  title={Prompting Segmentation with Sound is Generalizable Audio-Visual Source Localizer},
  author={Wang, Yaoting and Liu, Weisong and Li, Guangyao and Ding, Jian and Hu, Di and Li, Xi},
  journal={arXiv preprint arXiv:2309.07929},
  year={2023}
}
@article{s7,
  title={Discovering Sounding Objects by Audio Queries for Audio Visual Segmentation},
  author={Huang, Shaofei and Li, Han and Wang, Yuqing and Zhu, Hongji and Dai, Jiao and Han, Jizhong and Rong, Wenge and Liu, Si},
  journal={arXiv preprint arXiv:2309.09501},
  year={2023}
}
@article{s8,
  title={Rethinking Audiovisual Segmentation with Semantic Quantization and Decomposition},
  author={Li, Xiang and Wang, Jinglu and Xu, Xiaohao and Peng, Xiulian and Singh, Rita and Lu, Yan and Raj, Bhiksha},
  journal={arXiv preprint arXiv:2310.00132},
  year={2023}
}
@article{s9,
  title={Annotation-free Audio-Visual Segmentation},
  author={Liu, Jinxiang and Wang, Yu and Ju, Chen and Zhang, Ya and Xie, Weidi},
  journal={arXiv preprint arXiv:2305.11019},
  year={2023}
}
@inproceedings{s11,
  title={Multimodal variational auto-encoder based audio-visual segmentation},
  author={Mao, Yuxin and Zhang, Jing and Xiang, Mochu and Zhong, Yiran and Dai, Yuchao},
  booktitle={Proceedings of the IEEE/CVF International Conference on Computer Vision},
  pages={954--965},
  year={2023}
}
@article{sam,
  title={Segment anything},
  author={Kirillov, Alexander and Mintun, Eric and Ravi, Nikhila and Mao, Hanzi and Rolland, Chloe and Gustafson, Laura and Xiao, Tete and Whitehead, Spencer and Berg, Alexander C and Lo, Wan-Yen and others},
  journal={arXiv preprint arXiv:2304.02643},
  year={2023}
}
@inproceedings{mask,
  title={Masked-attention mask transformer for universal image segmentation},
  author={Cheng, Bowen and Misra, Ishan and Schwing, Alexander G and Kirillov, Alexander and Girdhar, Rohit},
  booktitle={Proceedings of the IEEE/CVF conference on computer vision and pattern recognition},
  pages={1290--1299},
  year={2022}
}
@inproceedings{32,
  title={Audio-Visual Segmentation by Exploring Cross-Modal Mutual Semantics},
  author={Liu, Chen and Li, Peike Patrick and Qi, Xingqun and Zhang, Hu and Li, Lincheng and Wang, Dadong and Yu, Xin},
  booktitle={Proceedings of the 31st ACM International Conference on Multimedia},
  pages={7590--7598},
  year={2023}
}
@inproceedings{vggish,
  title={CNN architectures for large-scale audio classification},
  author={Hershey, Shawn and Chaudhuri, Sourish and Ellis, Daniel PW and Gemmeke, Jort F and Jansen, Aren and Moore, R Channing and Plakal, Manoj and Platt, Devin and Saurous, Rif A and Seybold, Bryan and others},
  booktitle={2017 ieee international conference on acoustics, speech and signal processing (icassp)},
  pages={131--135},
  year={2017},
  organization={IEEE}
}